@MANUAL{datasheet_AX12,
title = {AX12 Data Sheet},
organization = {Dynamixel},
year = {2006},
month = {June}
}