
@misc{website:Vanheden-atmel,
      author = "Atmel",
      title = "8-bit AVR Microcontroller with 128K Bytes In-System Programmable Flash",
      month = "September",
      year = "2016",
      url = "https://docs.isy.liu.se/pub/VanHeden/DataSheets/atmega1284p.pdf"
},


@misc{website:Vanheden-laser,
      author = "Sparkfun",
      title = "LIDAR-Lite v2 Overview",
      month = "September",
      year = "2016",
      url = "https://docs.isy.liu.se/pub/VanHeden/DataSheets/lidarlite2DS.pdf"
},


@misc{website:Vanheden-gyro,
      author = "Melexis",
      title = "MLX90609 Angular Rate Sensor (Standard version)",
      month = "September",
      year = "2016",
      url = "https://docs.isy.liu.se/pub/VanHeden/DataSheets/MLX90609_datasheet.pdf"
},


@misc{website:Vanheden-accel-gyro,
      author = "InvenSense",
      title = "MPU-6000 and MPU-6050 Product Specification",
      month = "September",
      year = "2016",
      url = "https://docs.isy.liu.se/pub/VanHeden/DataSheets/MPU-6050.pdf"
},


@misc{website:Vanheden-bt,
      author = "FireFly",
      title = "FireFly Bluetooth Modem - BlueSMiRF Gold",
      month = "September",
      year = "2016",
      url = "https://docs.isy.liu.se/pub/VanHeden/DataSheets/firefly.pdf"
},


@misc{website:Vanheden-tryckknapp,
      author = "Unknown",
      title = "Så här fungerar tryckknappen",
      month = "September",
      year = "2016",
      url = "https://docs.isy.liu.se/pub/VanHeden/Images/tryckknapp.png"
},


@misc{website:Vanheden-AX-12,
      author = "Dynamixel",
      title = "Dynamixel AX-12",
      month = "September",
      year = "2016",
      url = "https://docs.isy.liu.se/pub/VanHeden/DataSheets/AX-12.pdf"
},


@misc{website:Vanheden-chassi,
      author = "Niklas Carlén, ISY, Linköpings Universitet",
      title = "Fyrhjulig robot - Terminator, Tekniks specifikation",
      month = "September",
      year = "2016",
      url = "https://docs.isy.liu.se/pub/VanHeden/DataSheets/terminator_prel.pdf"
},


@misc{website:Vanheden-PWM,
      author = "Niklas Carlén, ISY, Linköpings Universitet",
      title = "Motorstyrning med PWM",
      month = "September",
      year = "2016",
      url = "https://docs.isy.liu.se/pub/VanHeden/DataSheets/pwm-motorstyrning.pdf"
},